@inproceedings{he2016deep,
  title={Deep Residual Learning for Image Recognition},
  author={He, Kaiming and Zhang, Xiangyu and Ren, Shaoqing and Sun, Jian},
  booktitle={Proceedings of the IEEE conference on computer vision and pattern recognition},
  pages={770--778},
  year={2016}
}

@article{simonyan2014very,
  title={Very Deep Convolutional Networks for Large-Scale Image Recognition},
  author={Simonyan, Karen and Zisserman, Andrew},
  journal={arXiv preprint arXiv:1409.1556},
  year={2014}
}

@article{sedaghat2018effective,
  title={Effective image differencing with convolutional neural networks for real-time transient hunting},
  author={Sedaghat, Nima and Mahabal, Ashish},
  journal={Publications of the Astronomical Society of the Pacific},
  volume={130},
  number={993},
  pages={114502},
  year={2018}
}
